<?xml version="1.0" encoding="UTF-8"?><collection xmlns="http://www.loc.gov/MARC21/slim"><record><leader>00389nam--2200133-i-4500</leader><controlfield tag="001">000028922</controlfield><controlfield tag="002">20161230</controlfield><controlfield tag="005">20170118002514</controlfield><controlfield tag="008">060222s1000------------r-----000-0-eng-d</controlfield><datafield ind1=" " ind2=" " tag="245"><subfield code="a">The lebedev physics institute series: Vol.59: Luminescence and nonlinear optics</subfield></datafield><datafield ind1=" " ind2=" " tag="260"><subfield code="a">New York</subfield><subfield code="b">Consultants Bureau</subfield><subfield code="c">1973</subfield></datafield><datafield ind1=" " ind2=" " tag="700"><subfield code="a">Skobel`Tsyn, D.V</subfield></datafield><datafield ind1=" " ind2=" " tag="852"><subfield code="a">47953</subfield></datafield><datafield ind1=" " ind2=" " tag="CAT"><subfield code="a">SYS</subfield><subfield code="c">20170118</subfield><subfield code="h">002514</subfield></datafield></record></collection>